@misc{Koellhoffer,
    author = {S. {Koellhoffer}, C. {Kuhns}, K. {Tsang}, M. {Zeitz}},
    title = {Falling Dominoes}
    year = {2005}
}
@article{Shaw,
	author = {{Shaw}, D. E.},
	title = {Mechanics of a chain of dominoes},
	year = {1977},
	journal = {Am. J. Phys.},
	volume = {46},
	number = {6}
}
@article{Stronge87,
	author = {{Stronge}, W. J.},
	title = {The Domino Effect: A Wave of Destabilizing Collisions in a Periodic Array},
	year = {1987},
	journal = {Proc. R. Soc. Lond. A}
}
@article{Stronge88,
	author = {{Stronge}, W. J. and {Shu}, D.},
	title = {The Domino Effect: Successive Destabilization by Cooperative Neighbours},
	year = {1988},
	journal = {Proc. R. Soc. Lond. A},
	volume = {418},
	number = {1854}
}
